<record><leader>00000cas a22000007a 4500</leader><controlfield tag="001">43210600</controlfield><controlfield tag="008">000107d19361936vauuu ne      0    0eng d</controlfield><datafield ind1=" " ind2=" " tag="010"><subfield code="a">sn 00064909 </subfield></datafield><datafield ind1=" " ind2=" " tag="040"><subfield code="a">NVK</subfield><subfield code="b">eng</subfield><subfield code="c">NVK</subfield><subfield code="d">OCLCQ</subfield><subfield code="d">OCLCF</subfield><subfield code="d">OCLCO</subfield><subfield code="d">OCLCA</subfield></datafield><datafield ind1="1" ind2=" " tag="029"><subfield code="a">AU@</subfield><subfield code="b">000021316163</subfield></datafield><datafield ind1=" " ind2=" " tag="042"><subfield code="a">msc</subfield></datafield><datafield ind1=" " ind2=" " tag="043"><subfield code="a">n-us-va</subfield></datafield><datafield ind1="0" ind2="4" tag="245"><subfield code="a">The B-ridge.</subfield></datafield><datafield ind1="3" ind2="0" tag="246"><subfield code="a">Bridge</subfield></datafield><datafield ind1="3" ind2="0" tag="246"><subfield code="a">Volcano and the black cat</subfield></datafield><datafield ind1=" " ind2=" " tag="260"><subfield code="a">National Bridge Station, Va. :</subfield><subfield code="b">C.C.C. Co. 2345</subfield></datafield><datafield ind1=" " ind2=" " tag="300"><subfield code="a">v.</subfield></datafield><datafield ind1="1" ind2=" " tag="362"><subfield code="a">Began in 1936?</subfield></datafield><datafield ind1=" " ind2=" " tag="500"><subfield code="a">Canp NF-13.</subfield></datafield><datafield ind1=" " ind2=" " tag="515"><subfield code="a">Vol. 3, no. 2 probably is actually vol. 2, no. 3.</subfield></datafield><datafield ind1=" " ind2=" " tag="530"><subfield code="a">Available on microfiche from the Center for Research Libraries.</subfield></datafield><datafield ind1=" " ind2=" " tag="580"><subfield code="a">Absorbed: The Black cat, and continued: The Volcano.</subfield></datafield><datafield ind1=" " ind2=" " tag="588"><subfield code="a">Description based on: Vol. 3, no. 2 [Feb. 1936]?</subfield></datafield><datafield ind1=" " ind2=" " tag="588"><subfield code="a">Latest issue consulted: Vol. 2, no. 8 (May 25, 1936).</subfield></datafield><datafield ind1="2" ind2="0" tag="610"><subfield code="a">Civilian Conservation Corps (U.S.)</subfield><subfield code="v">Newspapers.</subfield></datafield><datafield ind1=" " ind2="0" tag="651"><subfield code="a">Natural Bridge (Va.)</subfield><subfield code="v">Newspapers.</subfield></datafield><datafield ind1=" " ind2="7" tag="655"><subfield code="a">Newspapers.</subfield><subfield code="2">fast</subfield><subfield code="0">(OCoLC)fst01423814</subfield></datafield><datafield ind1="2" ind2="7" tag="610"><subfield code="a">Civilian Conservation Corps (U.S.)</subfield><subfield code="2">fast</subfield><subfield code="0">(OCoLC)fst00536299</subfield></datafield><datafield ind1=" " ind2="7" tag="651"><subfield code="a">Virginia</subfield><subfield code="z">Natural Bridge.</subfield><subfield code="2">fast</subfield><subfield code="0">(OCoLC)fst01246747</subfield></datafield><datafield ind1="2" ind2=" " tag="710"><subfield code="a">Civilian Conservation Corps (U.S.).</subfield><subfield code="b">Company 2345 (Natural Bridge Station, Va.)</subfield></datafield><datafield ind1=" " ind2=" " tag="752"><subfield code="a">United States</subfield><subfield code="b">Virginia</subfield><subfield code="c">Rockbridge</subfield><subfield code="d">Natural Bridge.</subfield></datafield><datafield ind1="1" ind2="5" tag="780"><subfield code="t">Black cat</subfield><subfield code="w">(DLC)sn 00064947</subfield></datafield><datafield ind1="1" ind2="0" tag="780"><subfield code="t">Volcano</subfield><subfield code="w">(DLC)sn 00064888</subfield></datafield><datafield ind1="0" ind2="0" tag="785"><subfield code="t">Camp 13 news</subfield><subfield code="w">(DLC)sn 00064998</subfield></datafield></record>